<?xml version="1.0" encoding="UTF-8"?><collection xmlns="http://www.loc.gov/MARC21/slim"><record><leader>00540nam--2200181-i-4500</leader><controlfield tag="001">000025477</controlfield><controlfield tag="002">20161230</controlfield><controlfield tag="005">20161230201035</controlfield><controlfield tag="008">060222s1000------------r-----000-0-fre-d</controlfield><datafield ind1=" " ind2=" " tag="040"><subfield code="a">IFIN-HH</subfield></datafield><datafield ind1=" " ind2=" " tag="041"><subfield code="a">fre</subfield></datafield><datafield ind1=" " ind2=" " tag="080"><subfield code="a">535.243:581.132(043)</subfield></datafield><datafield ind1="1" ind2=" " tag="100"><subfield code="a">Journeaux, Roger</subfield></datafield><datafield ind1="1" ind2="0" tag="245"><subfield code="a">Etude photophysique de la chlorophylle et de pigments chlorophylliens dans des systemes organises</subfield><subfield code="b">These</subfield><subfield code="c">Roger journeaux</subfield></datafield><datafield ind1=" " ind2=" " tag="260"><subfield code="a">Orsay</subfield><subfield code="b">Universite De Paris-sud</subfield><subfield code="c">1982</subfield></datafield><datafield ind1=" " ind2=" " tag="300"><subfield code="a">172p</subfield></datafield><datafield ind1=" " ind2=" " tag="852"><subfield code="a">71451</subfield><subfield code="c">535</subfield></datafield><datafield ind1=" " ind2=" " tag="CAT"><subfield code="a">Sys</subfield><subfield code="c">20110125</subfield><subfield code="h">160108</subfield></datafield></record></collection>